% =============================================================
% GENERAL
% =============================================================
@article{Amendola2017,
author = {Amendola, Gilles and Poulichet, Patrick and Valbin, Laurie},
title = {{Capteurs MEMS - Techniques de mesures Capteurs MEMS}},
year = {2017}
}
@article{Yazdi1998,
author = {Yazdi, Navid and Ayazi, Farrokh and Najafi, Khalil},
journal = {Proceedings of the IEEE},
title = {{Micromachined inertial sensors}},
year = {1998}
}




% =============================================================
% COUPLAGE
% =============================================================
@article{SrikanthaPhani2006,
author = {{Srikantha Phani}, A. and Seshia, Ashwin A. and Palaniapan, Moorthi and Howe, Roger T. and Yasaitis, John A.},
journal = {IEEE Sensors Journal},
title = {{Modal coupling in micromechanical vibratory rate gyroscopes}},
year = {2006}
}


% =============================================================
% SPRING SOFTENING
% =============================================================
@article{Elshurafa2011,
author = {Elshurafa, Amro M. and Khirallah, Kareem and Tawfik, Hani H. and Emira, Ahmed and {Abdel Aziz}, Ahmed K S and Sedky, Sherif M.},
journal = {Journal of Microelectromechanical Systems},
title = {{Nonlinear dynamics of spring softening and hardening in folded-mems comb drive resonators}},
year = {2011}
}


% =============================================================
% MODULE d'YOUNG SILICON
% =============================================================
@article{Hopcroft2010,
author = {Hopcroft, Matthew a and Nix, William D and Kenny, Thomas W},
journal = {Journal of Microelctromechanical Systems},
title = {{What is the Young's Modulus of Silicon ?}},
year = {2010}
}




% =============================================================
% SIGMA DELTA
% =============================================================
@article{Petkov2005,
author = {Petkov, V.P. and Boser, B.E.},
journal = {IEEE Journal of Solid-State Circuits},
title = {{A fourth-order Sigma Delta/ interface for micromachined inertial sensors}},
year = {2005}
}
@article{Raman2009,
author = {Raman, J and Cretu, E and Rombouts, P and Weyten, L and Raman, J and Cretu, E and Rombouts, P and Weyten, L},
title = {{A Closed-loop Digitally Controlled MEMS Gyroscope With Unconstrained Sigma-Delta Force-Feedback}},
year = {2009}
}
@article{Colinet2004,
author = {Colinet, E. and Juillard, J. and Guessab, S. and Kielbasa, R.},
journal = {2004 International Conference on MEMS, NANO and Smart Systems (ICMENS'04)},
title = {{Resolution Enhancement of a Sigma-Delta Micro-Accelerometer Using Signal Prediction}},
year = {2004}
}


% =============================================================
% PHASE LOCK LOOP
% =============================================================
@article{GuanChyunHsieh1996,
author = {{Guan-Chyun Hsieh} and Hung, J.C.},
journal = {Industrial Electronics, IEEE Transactions on},
title = {{Phase-locked loop techniques. A survey}},
year = {1996}
}


% =============================================================
% ELECTRONIC
% =============================================================
@article{Saukoski2006,
author = {Saukoski, Mikko and Aaltonen, Lasse and Salo, Teemu and Halonen, Kari and Box, P O and Vantaa, Fi-},
title = {{Readout and Control Electronics for a Microelectromechanical Gyroscope}},
year = {2006}
}


% =============================================================
% CHARGE AMPLIFIER
% =============================================================
@article{Peng2008,
author = {Peng, Sheng Yu and Qureshi, Muhammad S. and Hasler, Paul E. and Basu, Arindam and Degertekin, F. Levent},
journal = {IEEE Transactions on Circuits and Systems I: Regular Papers},
title = {{A charge-based low-power high-SNR capacitive sensing interface circuit}},
year = {2008}
}





% =============================================================
% EFFET TEMPERATURE
% =============================================================
@article{Chiu2012,
author = {Chiu, Sheng Ren and Sue, Chung Yang and Lin, Chih Hsiou and Teng, Li Tao and Liao, Lu Pu and Hsu, Yu Wen and Su, Yan Kuin},
journal = {Proceedings of IEEE Sensors},
title = {{Active thermal compensation of MEMS based gyroscope}},
year = {2012}
}
@article{Zhou2016,
author = {Zhou, Jian and Qiu, An-ping and Zhao, Yang and Xia, Guo-ming},
title = {{Thermal drift optimization for silicon microgyroscope}},
year = {2016}
}
@article{Fan2011,
author = {Fan, Yongzhen and Luo, Bing and Wang, Ancheng},
journal = {Proceedings - IEEE 2011 10th International Conference on Electronic Measurement and Instruments, ICEMI 2011},
title = {{Analysis of temperature adaptability for frequency control loop for silicon micromechanical gyroscope}},
year = {2011}
}
@article{Guan2015,
author = {Guan, Rui and He, Chunhua and Liu, Dachuan and Zhao, Qiancheng and Yang, Zhenchuan and Yan, Guizhen},
title = {{A Temperature Control System Used for Improving Resonant Frequency Drift of MEMS Gyroscopes}},
year = {2015}
}
@article{Eminoglu2014,
author = {Eminoglu, Burak and Kline, Mitchell H and Izyumin, Igor and Yeh, Yu-ching and Boser, Bernhard E},
title = {{Background Calibrated MEMS Gyroscope}},
year = {2014}
}
@article{Prikhodko2013,
author = {Prikhodko, Igor P. and Trusov, Alexander A. and Shkel, Andrei M.},
journal = {Sensors and Actuators, A: Physical},
title = {{Compensation of drifts in high-Q MEMS gyroscopes using temperature self-sensing}},
year = {2013}
}
@inproceedings{Zhang2009,
author = {Zhang, Qintuo and Tan, Zhenfan and Guo, Lidong},
booktitle = {Proceedings - 2009 International Conference on Information Engineering and Computer Science, ICIECS 2009},
title = {{Compensation of temperature drift of MEMS gyroscope using BP neural network}},
year = {2009}
}
@article{Xia2009,
author = {Xia, Dunzhu and Chen, Shuling and Wang, Shourong and Li, Hongsheng},
journal = {Sensors},
title = {{Microgyroscope temperature effects and compensation-control methods}},
year = {2009}
}








% =============================================================
% Open-loop frequence => PLL
% =============================================================
@article{Jiang2016,
author = {Jiang, Longcan and Xiao, Dingbang and Chen, Zhihua and Xu, Qiang and Guan, Shuai and Wang, Yi and Wu, Xuezhong},
journal = {SENSORS, 2016 IEEE},
title = {{A Self-Clocked Readout Circuit for MEMS Gyroscope to Avoid Frequency Aliasing}},
year = {2016}
}


% =============================================================
% ONE TIME FREQUENCY SWEEP
% =============================================================
@article{Ma2016,
author = {Ma, Wei and Liu, Siqi and Lin, Yiyu and Liu, Yidong and Jin, Zhonghe},
title = {{One-time Frequency Sweep to Eliminate IQ Coupling in MEMS Vibratory Gyroscopes}},
year = {2016}
}
@inproceedings{Lin2011,
author = {Lin, Longtao and Liu, Dachuan and Cui, Jian and Guo, Zhongyang and Yang, Zhenchuan and Yan, Guizhen},
booktitle = {NEMS 2011 - 6th IEEE International Conference on Nano/Micro Engineered and Molecular Systems},
title = {{Digital closed-loop controller design of a micromachined gyroscope based on auto frequency swept}},
year = {2011}
}


% =============================================================
% CONTROL - AGC + PLL
% =============================================================
@article{Northemann2011,
author = {Northemann, T and Maurer, M and Rombach, S and Manoli, Y},
title = {{Phase-Locked drive loop with amplitude regulation based on phase-shifting for gyroscopes}},
year = {2011}
}
@article{Cui2009,
author = {Cui, J and Chi, X Z and Ding, H T and Lin, L T and Yang, Z C and Yan, G Z},
journal = {J. Micromech. Microeng},
title = {{Transient response and stability of the AGC-PI closed-loop controlled MEMS vibratory gyroscopes}},
year = {2009}
}
@article{Yang2011,
author = {Yang, Hai-gang and Yin, Tao},
title = {{Stability Analysis of MEMS Gyroscope Drive Loop Based on CPPLL}},
year = {2011}
}
@phdthesis{Saukoski2008,
author = {Saukoski, Mikko},
title = {{System and Circuit Design for a Capacitive MEMS Gyroscope}},
year = {2008}
}


% =============================================================
% ADAPTIVE CONTROL
% =============================================================
@article{Fei2010,
author = {Fei, Juntao and Ding, Hongfei},
title = {{System Dynamics and Adaptive Control for MEMS Gyroscope Sensor}},
year = {2010}
}
@article{Leland2006,
author = {Leland, Robert P},
title = {{Adaptive Control of a MEMS Gyroscope Using Lyapunov Methods}},
year = {2006}
}
@article{Park2003,
author = {Park, Sungsu and Horowitz, Roberto},
title = {{Adaptive Control for the Conventional Mode of Operation of MEMS Gyroscopes}},
year = {2003}
}
@article{Leland2003,
journal = {IEEE Transactions on Control Systems Technology},
title = {{Adaptive mode tuning for vibrational gyroscopes}},
year = {2003}
}
@article{Shkel1999,
author = {a.M. Shkel and Horowitz, R. and a.a. Seshia and Park, Sungsu Park Sungsu and Howe, R.T.},
journal = {Proceedings of the 1999 American Control Conference (Cat. No. 99CH36251)},
title = {{Dynamics and control of micromachined gyroscopes}},
year = {1999}
}
% SLIDING MODE CONTROL
@article{Fei2007,
author = {Fei, J and Batur, C},
journal = {2007 46th IEEE Conference on Decision and Control},
title = {{A novel adaptive sliding mode controller for MEMS gyroscope}},
year = {2007}
}
@article{Fei2009,
author = {Fei, J and Batur, C},
journal = {International Journal of Advanced Manufacturing Technology},
title = {{Robust adaptive control for a MEMS vibratory gyroscope}},
year = {2009}
}


% =============================================================
% ADRC
% =============================================================
@article{Zheng2009,
author = {Zheng, Qing and Dong, Lili and Lee, Dae Hui and Gao, Zhiqiang},
title = {{Active Disturbance Rejection Control for MEMS Gyroscopes}},
year = {2009}
}
@article{Dong2009,
author = {Dong, Lili and Avanesian, David},
journal = {IEEE Transactions on Industrial Electronics},
title = {{Drive-mode control for vibrational MEMS gyroscopes}},
year = {2009}
}
@article{Han2009,
author = {Han, Jingqing},
title = {{From PID to Active Disturbance Rejection Control}},
year = {2009}
}


% =============================================================
% ROBUST CONTROL
% =============================================================
@article{Sung2004,
author = {Sung, WT and Lee, JG},
journal = {PLANS 2004. Position Location and Navigation Symposium (IEEE Cat. No.04CH37556)},
title = {{$H\infty$ controller design of MEMS gyroscope and its performance test}},
year = {2004}
}
@article{Sensors2008,
author = {Kharrat, Chady and Colinet, Eric and Voda, Alina},
title = {{$H\infty$ Loop shapin control for PLL-based mechanical resonance tracking in NEMS resonant mass sensors}},
year = {2008}
}
@phdthesis{Soen2007,
author = {Soen, Jonathan},
title = {{Contribution à la modélisation et à la commande des microsystèmes capteurs non linéaires}},
year = {2007}
}
@article{Ma2010,
author = {Ma, Gaoyin and Chen, Wenyuan and Zhang, Weiping and Cui, Feng and Li, Kai},
journal = {ISA Transactions},
title = {{Compact H$H\infty$ robust rebalance loop controller design for a micromachined electrostatically suspended gyroscope}},
year = {2010}
}




% =============================================================
% MODE MATCHING
% =============================================================
@article{Liu2014,
author = {Liu, Y X and Feng, W L and He, C H and Wang, L and Dong, L G and Zhao, Q C and Yang, Z C and Yan, G Z},
title = {{Design of a Digital Closed Control Loop for the Sense Mode of a Mode-matching MEMS Vibratory Gyroscope}},
year = {2014}
}
@article{He2015,
author = {He, Chunhua and Zhao, Qiancheng and Huang, Qinwen and Liu, Dachuan and Yang, Zhenchuan and Zhang, Dacheng and Yan, Guizhen},
journal = {IEEE Sensors Journal},
title = {{A MEMS vibratory gyroscope with real-time mode-matching and robust control for the sense mode}},
year = {2015}
}
@article{Sung2009,
author = {Sung, Sangkyung and Sung, Woon Tahk and Kim, Changjoo and Yun, Sukchang and Lee, Young Jae},
journal = {IEEE/ASME Transactions on Mechatronics},
title = {{On the mode-matched control of MEMS vibratory gyroscope via phase-domain analysis and design}},
year = {2009}
}


% =============================================================
% MODE MATCHING WITH EXTREMUM SEEKING
% =============================================================
@article{Antonello2009,
author = {Antonello, Riccardo and Oboe, Roberto and Prandi, Luciano and Biganzoli, Fabio},
journal = {IEEE Transactions on Industrial Electronics},
title = {{Automatic mode matching in MEMS vibrating gyroscopes using extremum-seeking control}},
year = {2009}
}
@article{Chang2007,
author = {Chang, Byung Su and Sung, Woon Tahk and Lee, Jang Gyu and Lee, Kang Yoon and Sung, Sangkyung},
journal = {2007 IEEE International Conference on Vehicular Electronics and Safety, ICVES},
title = {{Automatic mode matching control loop design and its application to the mode matched MEMS gyroscope}},
year = {2007}
}
@article{Antonello,
author = {Antonello, Riccardo},
title = {{Mode-matching in Vibrating Microgyros using an Extremum Seeking Controller with Switching Logic}}
}
@article{Tan2010,
author = {Tan, Y and Moase, W H and Manzie, C},
title = {{Extremum Seeking From 1922 To 2010}},
year = {2010}
}
